@online{ars1,
    author    = "Dan Goodin",
    title     = "DDoS attacks that crippled GitHub linked to Great Firewall of China",
    url       = "https://arstechnica.com/information-technology/2015/04/ddos-attacks-that-crippled-github-linked-to-great-firewall-of-china/"
}

@online{ars2,
    author    = "Dan Goodin",
    title     = "DDoS attacks that crippled GitHub linked to Great Firewall of China",
    url       = "https://arstechnica.com/information-technology/2015/04/ddos-attacks-that-crippled-github-linked-to-great-firewall-of-china/"
}

@online{github,
    author  = "GitHub",
    title   = "GitHub System Status",
    url     = "https://status.github.com/messages/2015-04-01"
}
 
@online{netresec,
    author  = "Erik Hjelmvik",
    title   = "China's Man-on-the-Side Attack on GitHub",
    url     = "http://www.netresec.com/?page=Blog&month=2015-03&post=China\%27s-Man-on-the-Side-Attack-on-GitHub"
}

@online{erratasec,
    author  = "Robert Graham",
    title   = "Pin-pointing China's attack against GitHub",
    url     = "http://blog.erratasec.com/2015/04/pin-pointing-chinas-attack-against.html"
}

@online{analytics,
    author  = "Build With",
    title   = "Baidu Analytics Usage Statistics",
    url     = "https://trends.builtwith.com/analytics/Baidu-Analytics"
}

@online{ddos,
    author  = "Beacon Sage",
    title   = "Zombie Network Image",
    url     = "https://www.beaconsage.com/media/1782/ddos-attack.png"
}